%------------------------------------------------------------------------------
@online{freecodecamp,
  author = {Simonini, T.},
  title = {\href{https://www.freecodecamp.org/news/an-introduction-to-reinforcement-learning-4339519de419/}{An introduction to Reinforcement Learning}},
  year = 2022,
  url = {https://www.freecodecamp.org/news/an-introduction-to-reinforcement-learning-4339519de419/},
  urldate = {2022-12-06}
}

@online{gitlab,
  author = {Zhumabekov, A.},
  title = {\href{http://gitlab.aicrowd.com/mansur/citylearn2022}{CityLearn Challenge GitLab}},
  year = 2022,
  url = {http://gitlab.aicrowd.com/mansur/citylearn2022},
  urldate = {2022-12-06}
}

@online{wandb,
  author = {Zhumabekov, A. and Kelesbekov, R.},
  title = {\href{https://wandb.ai/m509ua/SAC}{M509UA Weights and Biases team project}},
  year = 2022,
  url = {https://wandb.ai/m509ua/SAC},
  urldate = {2022-12-06}
}
%------------------------------------------------------------------------------@book{sutton2018reinforcement,
  title={Reinforcement Learning, second edition: An Introduction},
  author={Sutton, R.S. and Barto, A.G.},
  isbn={9780262039246},
  lccn={2018023826},
  series={Adaptive Computation and Machine Learning series},
  url={https://books.google.ca/books?id=5s-MEAAAQBAJ},
  year={2018},
  publisher={MIT Press}
}


%------------------------------------------------------------------------------
@InCollection{,
      author={},
      title={},
      booktitle={},
      publisher={},
      year={},
      editor={},
      pages={},
}

@InCollection{,
      author={},
      title={},
      booktitle={},
      publisher={},
      year={},
      editor={},
      pages={},
}

@InCollection{,
      author={},
      title={},
      booktitle={},
      publisher={},
      year={},
      editor={},
      pages={},
}

@InCollection{,
      author={},
      title={},
      booktitle={},
      publisher={},
      year={},
      editor={},
      pages={},
}
%------------------------------------------------------------------------------
@inProceedings{,
      author={},
      title={},
      booktitle={},
      editor={},
      year={},
      pages={},
      publisher={}
     }
%------------------------------------------------------------------------------
@phdthesis{,
      author={},
      title={},
      school={},
      year={}
     }
%------------------------------------------------------------------------------
@techreport{,
      author={},
      title={},
      institution={},
      year={},
      number={}
     }
